@book{2021-Khandelwal-AdvancedSPICEModel,
  title = "Advanced {{SPICE}} Model for {{GaN HEMTs}} ({{ASM-HEMT}})",
  author = "Khandelwal, Sourabh",
  year = 2021,
  month = dec,
  publisher = "Springer Nature",
  address = "Cham, Switzerland",
  isbn = "978-3-030-77729-6"
}